@inproceedings{pennington2014glove,
  title={Glove: Global vectors for word representation},
  author={Pennington, Jeffrey and Socher, Richard and Manning, Christopher},
  booktitle={Proceedings of the 2014 conference on empirical methods in natural language processing (EMNLP)},
  pages={1532--1543},
  year={2014}
}

@article{breiman2001random,
	title={Random forests},
	author={Breiman, Leo},
	journal={Machine learning},
	volume={45},
	number={1},
	pages={5--32},
	year={2001},
	publisher={Springer}
}

@article{corpus,
	title={Twitter as a Corpus for Sentiment Analysis and Opinion Mining, Universit´e de Paris-Sud, Laboratoire LIMSI-CNRS, Bˆatiment 508,
	F-91405 Orsay Cedex, France},
	author={Alexander Pak, Patrick Paroubek},
}

